@Misc{smartphone_market_share,
  Title                    = {\textit{Smartphone OS Market Share, 2015 Q2}},

  Author                   = {IDC Research},
  HowPublished             = {\url{http://www.idc.com/prodserv/smartphone-os-market-share.jsp}},
  Year                     = {2015},

  Owner                    = {Morten},
  Timestamp                = {2016.05.17}
}

@Misc{android_version_distribution,
  Title                    = {\textit{Android version distribution history}},

  Author                   = {Bidouille},
  HowPublished             = {\url{http://www.bidouille.org/misc/androidcharts}},
  Year                     = {2016},

  Owner                    = {Morten},
  Timestamp                = {2016.05.17}
}










